<record><leader>00000cas a2200000 a 4500</leader><controlfield tag="001">14403262</controlfield><controlfield tag="008">861016c19219999mdudn ne      0    0eng d</controlfield><datafield ind1=" " ind2=" " tag="010"><subfield code="a">sn 90057049 </subfield></datafield><datafield ind1=" " ind2=" " tag="040"><subfield code="a">UMC</subfield><subfield code="b">eng</subfield><subfield code="c">UMC</subfield><subfield code="d">MFN</subfield><subfield code="d">OCL</subfield><subfield code="d">UMC</subfield><subfield code="d">CUS</subfield><subfield code="d">OCLCQ</subfield><subfield code="d">OCLCF</subfield></datafield><datafield ind1="1" ind2=" " tag="029"><subfield code="a">AU@</subfield><subfield code="b">000020589685</subfield></datafield><datafield ind1=" " ind2=" " tag="042"><subfield code="a">msc</subfield></datafield><datafield ind1=" " ind2=" " tag="043"><subfield code="a">n-us-md</subfield></datafield><datafield ind1=" " ind2=" " tag="090"><subfield code="a">LH1.M3</subfield><subfield code="b">D5</subfield></datafield><datafield ind1="0" ind2=" " tag="130"><subfield code="a">Diamondback (College Park, Md.)</subfield></datafield><datafield ind1="1" ind2="4" tag="245"><subfield code="a">The diamondback.</subfield></datafield><datafield ind1=" " ind2=" " tag="260"><subfield code="a">College Park, Md. :</subfield><subfield code="b">Students of the University of Maryland</subfield></datafield><datafield ind1=" " ind2=" " tag="300"><subfield code="a">v.</subfield></datafield><datafield ind1=" " ind2=" " tag="310"><subfield code="a">5 issues weekly during the academic year; weekly during the summer,</subfield><subfield code="b">1968-</subfield></datafield><datafield ind1=" " ind2=" " tag="321"><subfield code="a">Frequency varies</subfield></datafield><datafield ind1="0" ind2=" " tag="362"><subfield code="a">Vol. 1, no. 1 (June 9, 1921)-</subfield></datafield><datafield ind1=" " ind2=" " tag="515"><subfield code="a">Issues for June 9, 1921 and Oct. 5, 1921 both numbered as v. 1, no. 1.</subfield></datafield><datafield ind1=" " ind2=" " tag="530"><subfield code="a">Current issue also available via the World Wide Web.</subfield></datafield><datafield ind1="2" ind2="0" tag="610"><subfield code="a">University of Maryland at College Park</subfield><subfield code="x">Students</subfield><subfield code="v">Newspapers.</subfield></datafield><datafield ind1=" " ind2="7" tag="655"><subfield code="a">Newspapers.</subfield><subfield code="2">fast</subfield><subfield code="0">(OCoLC)fst01423814</subfield></datafield><datafield ind1="2" ind2="7" tag="610"><subfield code="a">University of Maryland at College Park.</subfield><subfield code="2">fast</subfield><subfield code="0">(OCoLC)fst00651941</subfield></datafield><datafield ind1=" " ind2="7" tag="650"><subfield code="a">Students.</subfield><subfield code="2">fast</subfield><subfield code="0">(OCoLC)fst01136041</subfield></datafield><datafield ind1=" " ind2=" " tag="752"><subfield code="a">United States</subfield><subfield code="b">Maryland</subfield><subfield code="c">Prince George's</subfield><subfield code="d">College Park.</subfield></datafield><datafield ind1="0" ind2="0" tag="780"><subfield code="t">University review (College Park, Md.)</subfield><subfield code="w">(DLC)sn 90057048</subfield></datafield><datafield ind1="4" ind2="1" tag="856"><subfield code="u">http://www.diamondbackonline.com/</subfield></datafield></record>